@misc{btcmag-introducing-ripple,
    author = {Vitalik Buterine},
    title = {https://bitcoinmagazine.com/3506/introducing-ripple/},
    note = "\url{https://bitcoinmagazine.com/3506/introducing-ripple/}",
    year = {2013}
}
@misc{triple-entry-accounting,
    author = "Ian Grigg",
    title = "Triple Entry Accounting",
    year = 2005,
    note = "Revision 1.7 \url{http://iang.org/papers/triple_entry.html}",
}
@misc{ripple-wiki-multisign},
    title = {Multisign}
    note = "\url{https://wiki.ripple.com/Multisign}",
}
@article{DBLP:journals/corr/abs-1212-3257,
  author    = {Ilja Gerhardt and
               Timo Hanke},
  title     = {Homomorphic Payment Addresses and the Pay-to-Contract Protocol},
  journal   = {CoRR},
  volume    = {abs/1212.3257},
  year      = {2012},
  ee        = {http://arxiv.org/abs/1212.3257},
  bibsource = {DBLP, http://dblp.uni-trier.de}
}
